@ARTICLE{belkin2019,
author    = {Belkin, M. and Hsu, D. and Ma, S. and Mandal, S.},
title     = {Reconciling modern machine-learning practice and the classical bias-variance trade-off},
journal   = {Proceedings of the National Academy of Sciences (PNAS)},
volume    = {116},
number    = {32},
pages     = {15849--15854},
year      = {2019},
note      = {},
doi       = {10.1073/pnas.1903070116}
}

@misc{mei2017landscape,
      title={The Landscape of Empirical Risk for Non-convex Losses}, 
      author={Song Mei and Yu Bai and Andrea Montanari},
      year={2017},
      eprint={1607.06534},
      archivePrefix={arXiv},
      primaryClass={stat.ML}
}

@misc{percynotes,
  author        = {Percy Liang},
  title         = {CS229T/STAT231: Statistical Learning Theory (Winter 2016)},
  month         = {April},
  year          = {2016},
}

@book{rice2006mathematical,
  added-at = {2015-07-23T16:14:13.000+0200},
  author = {Rice, John A.},
  biburl = {https://www.bibsonomy.org/bibtex/27c9b064b982dbbdcc47f235520c096d4/asalber},
  edition = {Third},
  interhash = {6f67cee500f65c6b5cf366a16a878dd3},
  intrahash = {7c9b064b982dbbdcc47f235520c096d4},
  keywords = {biostatistics teaching},
  publisher = {Belmont, CA: Duxbury Press.},
  timestamp = {2015-07-23T16:14:13.000+0200},
  title = {Mathematical Statistics and Data Analysis.},
  year = 2006
}

@misc{thomasliu2018,
  author        = {Pengda Liu and Garrett Thomas},
  title         = {CS229T/STAT231: Statistical Learning Theory (Fall 2018)},
  month         = {October},
  year          = {2018},
}

@misc{vanhandel2016high,
  author        = {Ramon van Handel},
  title         = {Probability in High Dimension: APC 550 Lecture Notes},
  month         = {December},
  year          = {2016},
  publisher={Princeton University}
}

@book{vershynin2018high,
  title={High-dimensional probability: An introduction with applications in data science},
  author={Vershynin, Roman},
  volume={47},
  year={2018},
  publisher={Cambridge university press}
}

@book{wainwright2019high,
  title={High-dimensional statistics: A non-asymptotic viewpoint},
  author={Wainwright, Martin J},
  volume={48},
  year={2019},
  publisher={Cambridge University Press}
}

@misc{wei2020regularization,
      title={Regularization Matters: Generalization and Optimization of Neural Nets v.s. their Induced Kernel}, 
      author={Colin Wei and Jason D. Lee and Qiang Liu and Tengyu Ma},
      year={2020},
      eprint={1810.05369},
      archivePrefix={arXiv},
      primaryClass={stat.ML}
}